%https://en.wikibooks.org/wiki/LaTeX/Bibliography_Management

@misc{RareDiseaseWiki,
    key             = {Rare Disease Wiki},
    title           = {Definizione di malattia rara},
	howpublished    = {\url{https://en.wikipedia.org/wiki/Rare_disease}}
}

@misc{RareDiseaseUE,
    key             = {Rare Disease UE},
    title           = {{Definizione di malattia rara della Commissione Europea sulla Sanit\`a Pubblica}},
	howpublished    = {\url{https://ec.europa.eu/health/rare_diseases/policy_en}}
}

@misc{RareDiseasesObservatory,
    key             = {Rare Disease Observatory},
    title           = {Osservatorio delle malattie rare},
	howpublished    = {\url{https://www.osservatoriomalattierare.it/malattie-rare}}
}

@misc{RareGenomicsInstituteEbook,
    key             = {Rare Genomics Institute Ebook},
    title           = {Rare Genomics Institute Ebook},
	howpublished    = {\url{http://www.stiftung-seltene-krankheiten.ch/view/data/977/Rare-Diseases-Book-Diagnosis-Therapies-and-Hope.pdf}}
}

@misc{AidWebSite,
    key             = {AidWeb Site},
    title           = {AidWeb},
	howpublished    = {\url{http://www.aidweb.org/it/}}
}

@misc{AidWebPresentation,
    key             = {AidWeb Presentation},
    title           = {Presentazione di AidWeb},
	howpublished    = {\url{http://www.lions108ta3.org/attivita/service/item/58-aidweb-org-insieme-ai-lions-contro-le-malattie-rare}}
}

@misc{RareConnectSite,
    key             = {RareConnect Site},
    title           = {RareConnect},
	howpublished    = {\url{https://www.rareconnect.org/en/communities}}
}

@misc{MonitoRare,
    author          = {Uniamo},
    title           = {MonitoRare - Terzo rapporto sulla condizione della persona con Malattia Rara in Italia},
    year            = {2017}
}

@misc{CloudComputingWiki,
    key             = {Cloud Computing Wiki},
    title           = {{Definizione di Cloud Computing}},
	howpublished    = {\url{https://en.wikipedia.org/wiki/Cloud_computing}}
}

@techreport{NistCloud,
    author          = {Peter Mell and Timothy Grance},
    title           = {The {NIST} definition of cloud computing},
    institution     = {National Institute of Standards and Technology},
    type            = {Special publication 800-145},
    address         = {Information Technology Laboratory},
    year            = {2011},
    month           = {September}
}

@misc{AzureGuide,
    author          = {Microsoft},
    title           = {{Azure for Beginners: Guida introduttiva su Microsoft Azure}},
    year            = {2016},
	month           = {June}
}

@misc{AzureSite,
    key             = {Microsoft Azure Site},
    title           = {{Microsoft Azure}},
	howpublished    = {\url{https://azure.microsoft.com/it-it/}}
}

@misc{MobileAppGuide,
    key             = {Guida Mobile App},
    title           = {{Creazione di una Mobile App}},
	howpublished    = {\url{https://www.ilsoftware.it/articoli.asp?tag=Realizzare-una-app-per-dispositivi-mobili-con-Azure-Mobile-apps-logic-apps-e-API-apps_13911}}
}

@misc{AttacchingDbToBackend,
    key             = {Collegamento del db al back-end},
    title           = {{Collegamento di un Azure SQL database a un back-end .NET}},
	howpublished    = {\url{https://blogs.msdn.microsoft.com/wsdevsol/2014/07/17/walkthrough-attaching-an-azure-sql-database-to-your-net-backend/}}
}

@misc{BackendConfiguration,
    key             = {Configurazione avanzata back-end},
    title           = {{Configurazione avanzata del back-end .NET}},
	howpublished    = {\url{https://blogs.msdn.microsoft.com/azuremobile/2014/05/27/bring-your-own-database-with-the-net-backend/}}
}

@misc{Swagger,
    key             = {Swagger},
    title           = {Swagger},
	howpublished    = {\url{https://github.com/Azure/azure-mobile-apps-net-server/wiki/Adding-Swagger-Metadata-and-Help-UI-to-a-Mobile-App}}
}

@misc{SDKGuide,
    key             = {Uso dell'sdk},
    title           = {{Uso dell'SDK del server back-end .NET per App per dispositivi mobili di Azure}},
	howpublished    = {\url{https://docs.microsoft.com/en-us/azure/app-service-mobile/app-service-mobile-dotnet-how-to-use-client-library}}
}

@misc{Orphanet,
    key             = {Orphanet},
    title           = {Orphanet - The portal for rare diseases and orphan drugs},
	howpublished    = {\url{http://www.orpha.net}}
}

@misc{Orphadata,
    key             = {Orphadata},
    title           = {Orphadata},
	howpublished    = {\url{http://www.orphadata.org/cgi-bin/index.php}}
}

@misc{OrphadataUserGuide,
    author          = {Orphanet},
    title           = {{Orphadata User's Guide}},
    year            = {2016}
}

@misc{Ordo,
    key             = {Ordo},
    title           = {Ordo},
	howpublished    = {\url{http://www.orphadata.org/cgi-bin/inc/ordo_orphanet.inc.php/}}
}

@misc{OrdoDescription,
    key             = {OrdoDescription},
    title           = {{Presentazione di Ordo}},
	howpublished    = {\url{http://rd-connect.eu/platform/registries/ontologies/ordo/}}
}

@misc{PrivacyCode,
    key             = {PrivacyCode},
    title           = {Codice della privacy},
	howpublished    = {\url{http://www.garanteprivacy.it/web/guest/home/docweb/-/docweb-display/docweb/1311248}}
}

@misc{PrivacyCodeWiki,
    key             = {PrivacyCodeWiki},
    title           = {{Definizione di Codice in materia di protezione dei dati personali}},
	howpublished    = {\url{https://it.wikipedia.org/wiki/Codice_in_materia_di_protezione_dei_dati_personali}}
}

@misc{PrivacyCodeDescription,
    key             = {PrivacyCodeDescription},
    title           = {{Descrizione argomentata del Codice della privacy}},
	howpublished    = {\url{http://www.upa.it/static/upload/dat/data-privacy-ottobre-2013.pdf}}
}

@misc{PersonalData,
    key             = {PersonalData},
    title           = {Definizione di dati personali},
	howpublished    = {\url{http://www.garanteprivacy.it/web/guest/home/diritti/cosa-intendiamo-per-dati-personali}}
}

@misc{ISO27001,
    key             = {ISO27001},
    title           = {{Definizione dello standard ISO/IEC 27001}},
	howpublished    = {\url{https://it.wikipedia.org/wiki/ISO/IEC_27001}}
}

@booklet{FinocchiaroRights,
    author          = {G. Finocchiaro},
    title           = {La protezione dei dati personali e la tutela dell'identit\`a},
    address   	    = {Torino},
    year            = {2014},
    note            = {pp. 151 - 181}
}

@misc{EuropeanRegulationIntroduction,
    key             = {EuropeanRegulationIntroduction},
    title           = {{Introduzione al nuovo Regolamento europeo}},
	howpublished    = {\url{https://www.digital4.biz/executive/approfondimenti/le-principali-novita-del-nuovo-regolamento-europeo-in-materia-di-privacy_43672157463.htm}}
}

@misc{OpinionArt29,
    key             = {OpinionArt29},
    title           = {Art. 29 - anonimizzazione},
	howpublished    = {\url{http://ec.europa.eu/justice/data-protection/article-29/documentation/opinion-recommendation/files/2014/wp216_it.pdf}}
}

@misc{InternationalTransfer,
    key             = {InternationalTransfer},
    title           = {{Articolo della Commissione europea sul trasferimento di dati all'estero}},
	howpublished    = {\url{http://ec.europa.eu/justice/data-protection/international-transfers/index_en.htm}}
}

@misc{MicrosoftPrivacyShield,
    key             = {MicrosoftPrivacyShield},
    title           = {{Microsoft Privacy Shield}},
	howpublished    = {\url{https://privacy.microsoft.com/it-it/microsoft-eu-us-privacy-shield}}
}

@misc{GuarantorSite,
    key             = {GuarantorSite},
    title           = {{Sito del Garante}},
	howpublished    = {\url{http://www.garanteprivacy.it}}
}

@misc{AttachedB,
    key             = {AttachedB},
    title           = {{Allegato B al Codice della privacy}},
	howpublished    = {\url{http://www.garanteprivacy.it/web/guest/home/docweb/-/docweb-display/docweb/1557184}}
}

@misc{SiteWebGuideLines,
    key             = {SiteWebGuideLines},
    title           = {Linee guida in materia di trattamento di dati personali per finalit\`a di pubblicazione e diffusione nei siti web esclusivamente dedicati alla salute},
	howpublished    = {\url{http://www.garanteprivacy.it/web/guest/home/docweb/-/docweb-display/docweb/1870212}}
}